<?xml version="1.0" encoding="UTF-8"?><collection xmlns="http://www.loc.gov/MARC21/slim"><record><leader>00627nam--2200181-i-4500</leader><controlfield tag="001">000015237</controlfield><controlfield tag="002">20161230</controlfield><controlfield tag="005">20161230201031</controlfield><controlfield tag="008">060222s1000------------r-----000-0-eng-d</controlfield><datafield ind1=" " ind2=" " tag="040"><subfield code="a">IFIN-HH</subfield></datafield><datafield ind1=" " ind2=" " tag="080"><subfield code="a">532.783(061.3)</subfield></datafield><datafield ind1="1" ind2=" " tag="100"><subfield code="a">Brown, Glenn H</subfield></datafield><datafield ind1="1" ind2="0" tag="245"><subfield code="a">Liquid crystals</subfield><subfield code="b">Proceedings of the internatio nal conference on liquid crystals held at kent state university, aug.16-20, 1965</subfield><subfield code="c">Coordinated by Glenn H. Brown, G.J. Dienes, M.M. Labes</subfield></datafield><datafield ind1=" " ind2=" " tag="260"><subfield code="a">New York, Gordon And Breach, Science Publlishers, 1967</subfield></datafield><datafield ind1=" " ind2=" " tag="300"><subfield code="a">VIII + 486 P</subfield></datafield><datafield ind1="1" ind2=" " tag="700"><subfield code="a">Labes, M.M</subfield></datafield><datafield ind1=" " ind2=" " tag="852"><subfield code="a">42290</subfield><subfield code="c">532</subfield></datafield><datafield ind1=" " ind2=" " tag="CAT"><subfield code="a">Sys</subfield><subfield code="c">20100716</subfield><subfield code="h">114239</subfield></datafield></record></collection>